@article{MaGe:2010,
    author = "R. Henning and others",
    year = "2011",
    collaboration = "MaGe Collaboration",
    title = "MAGE - a GEANT 4-based Monte Carlo Application Framework for Low-background Experiments",
    journal   = "Accepted, IEEE Trans. Nucl. Sci.",
}
    

@Article{Aalseth:2010vx,
     author    = "Aalseth, C. E. and others",
     collaboration = "CoGeNT Collaboration",
     title     = "{Results from a Search for Light-Mass Dark Matter with a P-
                  type Point Contact Germanium Detector}",
     year      = "2010",
     eprint    = "1002.4703",
     archivePrefix = "arXiv",
     primaryClass  =  "astro-ph.CO",
     note = "Accepted Phys.~Rev.~Lett.",
     SLACcitation  = "%%CITATION = 1002.4703;%%"
}

@article{Ren10,
    title = {A Pulse Shape Analysis Technique for the {\MJ}~Experiment},
    journal = "Nucl.~Inst.~\& Meth.~A",
    volume = "629",
    number = "1",
    pages = "303 - 310",
    year = "2011",
    note = "",
    issn = "0168-9002",
    doi = "10.1016/j.nima.2010.11.029",
    author = "R.J. Cooper and others", 
}

@article{aalseth:251301,
   author = {C. E. Aalseth and others},
   collaboration = {CoGeNT Collaboration},
   title = {Experimental Constraints on a Dark Matter Origin for the {DAMA} Annual Modulation Effect},
   publisher = {APS},
   year = {2008},
   journal = prl, 
   volume = {101},
   number = {25},
   eid = {251301},
   pages = {251301},
   doi = {10.1103/PhysRevLett.101.251301},
   note = {Erratum: Phys.~Rev.~Lett. \textbf{102}, 109903 (2009)}
}

@Article{PhysRevC.65.054616,
  title = {Elastic scattering and transfer in the $^{8}{Li}+^{208}{Pb}$ system near the Coulomb barrier},
  author = {Kolata, J. J. and others}, 
  journal = {Phys. Rev. C},
  volume = {65},
  number = {5},
  pages = {054616},
  year = {2002},
  month = {May},
  doi = {10.1103/PhysRevC.65.054616},
  publisher = {American Physical Society}
}

@article{Marino2007611,
    title = "Validation of spallation neutron production and propagation within {Geant4}",
    journal = "Nucl.~Inst.~\& Meth.~A",
    volume = "582",
    number = "2",
    pages = "611 - 620",
    year = "2007",
    note = "",
    issn = "0168-9002",
    doi = "10.1016/j.nima.2007.08.170",
    author = "M. G. Marino and others", 
    keywords = "Neutron spectrum",
    keywords = "Underground physics",
    keywords = "Geant4",
    keywords = "Neutron simulation"
}

@Article{Detwiler:2008bs,
     author    = "Detwiler, J. A. and others", 
     title     = {A Generic Surface Sampler for Monte Carlo Simulations},
     journal   = "IEEE Trans. Nucl. Sci.",
     volume    = "55",
     year      = "2008",
     pages     = "2329-2333",
     doi       = "10.1109/TNS.2008.2001063",
}

@ARTICLE{1353462, 
title={Synthesis of core-shell nanoclusters with high magnetic moment for biomedical applications}, 
author={Qiang, Y. and others}, 
journal="IEEE Trans. Magn.", 
year={2004}, 
month={Nov.}, 
volume={40}, 
number={6}, 
pages={ 3538-3540}, 
keywords={ biosensors, ferromagnetic materials, iron, magnetic moments, magnetic particles, magnetic sensors, nanoparticles, superparamagnetism, transmission electron microscopy 5 K, Fe, biocompatible magnetic nanoparticles, biomagnetic sensor, biomedical applications, core-shell nanoclusters, core-shell structure, ferrite oxide, ferromagnetic iron oxides, high-resolution transmission electron microscopy images, monodispersive core-shell nanostructured clusters, specific magnetic moment}, 
doi={10.1109/TMAG.2004.828962}, 
ISSN={0018-9464}, }
